%% This file contains the bibtex citation information for the manuscript.
% This is here just as an example, but you typically want to fetch
% the bibtex citations from e.g. Google Scholar, Zotero, or wherever.

@misc{example,
    author = {John Doe and Jane Doe},
    title = {Example citation},
}